@InBook{ryb,

	author = {J. RYBIČKA},

	title = {LaTeX pro začátečníky},

	publisher = {Konvoj},

	address = {Brno},

	year = {2003},

	edition = {3},

	ISBN = {80-7302-049-1},

	pages = {8\,--\,9},
}

@InBook{knu,

	author = {D. E. KNUTH},

	title = {The TeXbook},

	year = {1938},

	edition = {3},

	pages = {37\,--\,39},

	ISBN = {0-201-13447-0},

}

@Misc{mar,

	author = {D. MARTINEK},

	title = {LaTeXové speciality},

	howpublished = {[online]},

	year = {rev. 25. února 2010},

	note = {[vid. 2019-04-12]},

	url = {http://www.fit.vutbr.cz/~martinek/latex/},

}

@Misc{sat,

	author = {P. SATRAPA},

	title = {LaTeX pro pragmatiky},

	howpublished = {[online]},

	year = {rev. září 2011},

	note = {[vid. 2019-04-12]},

	url = {http://www.nti.tul.cz/~satrapa/docs/latex/},

}

@Misc{fou,

	author = {J. FOUND},

	title = {LaTeX 1. - Co to je a proč se ho chtít učit?},

	howpublished = {[online]},

	year = {rev. 21. srpna. 2013},

	note = {[vid. 2019-04-12]},

	url = {http://programujte.com/clanek/2013080500-latex-1-co-to-je-a-proc-se-ho-chtit-ucit/},

}

@Article{sva,

	author = {M. ŠVAMBERG},

	title = {Jak na LaTeX: balíčky graphicx a comment},

	journal = {ROOT},

	year = {2003},

}

@Article{wri,

	author = {J. WRIGHT},

	title = {Supporting color and graphics in expl3},

	journal = {TUGBoat},

	volume = {39},

	number = {2},

	year = {2018},

}

@Article{rob,

	author = {A. ROBERTS},

	title = {Getting to Grips with LaTeX },

	journal = {Andrew Roberts},

	year = {2012},

}

@MastersThesis{boj,

	author = {P. BOJKO},

	title = {Problematika sazby odborného textu v prostředí LaTeX },

	school = {Jihočeská univerzita v Českých Budějovicích. Přírodovědecká fakulta},

	year = {2011},

	type = {Bakalářská práce},

}

@MastersThesis{ves,

	author = {J. VESELÝ},

	title = {Zpracování dokumentu v LaTeXu},

	school = {Vysoká škola ekonomická v Praze. Fakulta managementu.},

	year = {2009},

	type = {Bakalářská práce},

}